% Articles utilisés pour le rapport

@inproceedings{koch2015siamese,
  title={Siamese neural networks for one-shot image recognition},
  author={Koch, Gregory and Zemel, Richard and Salakhutdinov, Ruslan},
  booktitle={ICML Deep Learning Workshop},
  volume={2},
  year={2015}
}

@article{hoffer2014deep,
  author    = {Elad Hoffer and
               Nir Ailon},
  title     = {Deep metric learning using Triplet network},
  journal   = {CoRR},
  volume    = {abs/1412.6622},
  year      = {2014},
  url       = {http://arxiv.org/abs/1412.6622},
  archivePrefix = {arXiv},
  eprint    = {1412.6622},
  timestamp = {Mon, 13 Aug 2018 16:47:11 +0200},
  biburl    = {https://dblp.org/rec/bib/journals/corr/HofferA14},
  bibsource = {dblp computer science bibliography, https://dblp.org}
}

@article{ying2018graph,
  author    = {Rex Ying and
               Ruining He and
               Kaifeng Chen and
               Pong Eksombatchai and
               William L. Hamilton and
               Jure Leskovec},
  title     = {Graph Convolutional Neural Networks for Web-Scale Recommender Systems},
  journal   = {CoRR},
  volume    = {abs/1806.01973},
  year      = {2018},
  url       = {http://arxiv.org/abs/1806.01973},
  archivePrefix = {arXiv},
  eprint    = {1806.01973},
  timestamp = {Mon, 13 Aug 2018 16:46:26 +0200},
  biburl    = {https://dblp.org/rec/bib/journals/corr/abs-1806-01973},
  bibsource = {dblp computer science bibliography, https://dblp.org}
}

@article{yang2017visual,
  author    = {Fan Yang and
               Ajinkya Kale and
               Yury Bubnov and
               Leon Stein and
               Qiaosong Wang and
               M. Hadi Kiapour and
               Robinson Piramuthu},
  title     = {Visual Search at eBay},
  journal   = {CoRR},
  volume    = {abs/1706.03154},
  year      = {2017},
  url       = {http://arxiv.org/abs/1706.03154},
  archivePrefix = {arXiv},
  eprint    = {1706.03154},
  timestamp = {Mon, 13 Aug 2018 16:46:09 +0200},
  biburl    = {https://dblp.org/rec/bib/journals/corr/YangKBSWKP17},
  bibsource = {dblp computer science bibliography, https://dblp.org}
}

@misc{imgaug,
author =   {Alexander Jung},
title =    {imgaug},
howpublished = {\url{http://github.com/aleju/imgaug}}
}

@article{amazon2003linden,
  added-at = {2011-03-17T11:22:17.000+0100},
  address = {Los Alamitos, CA, USA},
  author = {Linden, Greg and Smith, Brent and York, Jeremy},
  biburl = {https://www.bibsonomy.org/bibtex/2f68a8ebc0b70ec56d90b99d89f3cab1e/mschuber},
  interhash = {78b91377c1e69f6cd682b0193436ca0b},
  intrahash = {f68a8ebc0b70ec56d90b99d89f3cab1e},
  journal = {IEEE Internet Computing},
  keywords = {amazon recommendation recommender},
  pages = {76-80},
  publisher = {IEEE Computer Society},
  timestamp = {2011-03-17T11:22:17.000+0100},
  title = {Amazon.com Recommendations: Item-to-Item Collaborative Filtering},
  volume = 7,
  year = 2003
}



@article{deep2017shankar,
  author    = {Devashish Shankar and
               Sujay Narumanchi and
               H. A. Ananya and
               Pramod Kompalli and
               Krishnendu Chaudhury},
  title     = {Deep Learning based Large Scale Visual Recommendation and Search for
               E-Commerce},
  journal   = {CoRR},
  volume    = {abs/1703.02344},
  year      = {2017},
  url       = {http://arxiv.org/abs/1703.02344},
  archivePrefix = {arXiv},
  eprint    = {1703.02344},
  timestamp = {Mon, 13 Aug 2018 16:46:17 +0200},
  biburl    = {https://dblp.org/rec/bib/journals/corr/ShankarNAKC17},
  bibsource = {dblp computer science bibliography, https://dblp.org}
}



@article{rethinking2015szegedy,
  author    = {Christian Szegedy and
               Vincent Vanhoucke and
               Sergey Ioffe and
               Jonathon Shlens and
               Zbigniew Wojna},
  title     = {Rethinking the Inception Architecture for Computer Vision},
  journal   = {CoRR},
  volume    = {abs/1512.00567},
  year      = {2015},
  url       = {http://arxiv.org/abs/1512.00567},
  archivePrefix = {arXiv},
  eprint    = {1512.00567},
  timestamp = {Mon, 13 Aug 2018 16:49:07 +0200},
  biburl    = {https://dblp.org/rec/bib/journals/corr/SzegedyVISW15},
  bibsource = {dblp computer science bibliography, https://dblp.org}
}

@inproceedings{imagenet_cvpr09,
        AUTHOR = {Deng, J. and Dong, W. and Socher, R. and Li, L.-J. and Li, K. and Fei-Fei, L.},
        TITLE = {{ImageNet: A Large-Scale Hierarchical Image Database}},
        BOOKTITLE = {CVPR09},
        YEAR = {2009},
        BIBSOURCE = "http://www.image-net.org/papers/imagenet_cvpr09.bib"}

@article{visual2017zhai,
  author    = {Andrew Zhai and
               Dmitry Kislyuk and
               Yushi Jing and
               Michael Feng and
               Eric Tzeng and
               Jeff Donahue and
               Yue Li Du and
               Trevor Darrell},
  title     = {Visual Discovery at Pinterest},
  journal   = {CoRR},
  volume    = {abs/1702.04680},
  year      = {2017},
  url       = {http://arxiv.org/abs/1702.04680},
  archivePrefix = {arXiv},
  eprint    = {1702.04680},
  timestamp = {Mon, 13 Aug 2018 16:48:36 +0200},
  biburl    = {https://dblp.org/rec/bib/journals/corr/ZhaiKJFTDDD17},
  bibsource = {dblp computer science bibliography, https://dblp.org}
}

@TECHREPORT{learning2009krizhevsky,
    author = {Alex Krizhevsky},
    title = {Learning multiple layers of features from tiny images},
    institution = {},
    year = {2009}
}

@inproceedings{signature1993bromley,
  added-at = {2014-12-10T00:00:00.000+0100},
  author = {Bromley, Jane and Guyon, Isabelle and LeCun, Yann and Säckinger, Eduard and Shah, Roopak},
  biburl = {https://www.bibsonomy.org/bibtex/2f5fed550b671a39b53ad8f9fc40b2ae6/dblp},
  booktitle = {NIPS},
  crossref = {conf/nips/1993},
  editor = {Cowan, Jack D. and Tesauro, Gerald and Alspector, Joshua},
  ee = {http://nips.djvuzone.org/djvu/nips06/0737.djvu},
  interhash = {e66f97abd2bbd26693bfb8bb95819c9b},
  intrahash = {f5fed550b671a39b53ad8f9fc40b2ae6},
  isbn = {1-55860-322-0},
  keywords = {dblp},
  pages = {737-744},
  publisher = {Morgan Kaufmann},
  timestamp = {2015-06-19T08:05:49.000+0200},
  title = {Signature Verification Using a Siamese Time Delay Neural Network.},
  url = {http://dblp.uni-trier.de/db/conf/nips/nips1993.html#BromleyGLSS93},
  year = 1993
}

@InProceedings{object2007philbin,
   author = "Philbin, J. and Chum, O. and Isard, M. and Sivic, J. and Zisserman, A.",
   title = "Object Retrieval with Large Vocabularies and Fast Spatial Matching",
   booktitle = "Proceedings of the IEEE Conference on Computer Vision and Pattern Recognition",
   year = 2007
}

@article{end2017gordo,
  author    = {Albert Gordo and
               Jon Almaz{\'{a}}n and
               J{\'{e}}r{\^{o}}me Revaud and
               Diane Larlus},
  title     = {End-to-end Learning of Deep Visual Representations for Image Retrieval},
  journal   = {CoRR},
  volume    = {abs/1610.07940},
  year      = {2016},
  url       = {http://arxiv.org/abs/1610.07940},
  archivePrefix = {arXiv},
  eprint    = {1610.07940},
  timestamp = {Mon, 13 Aug 2018 16:47:40 +0200},
  biburl    = {https://dblp.org/rec/bib/journals/corr/GordoARL16a},
  bibsource = {dblp computer science bibliography, https://dblp.org}
}

@article{deep2015he,
  author    = {Kaiming He and
               Xiangyu Zhang and
               Shaoqing Ren and
               Jian Sun},
  title     = {Deep Residual Learning for Image Recognition},
  journal   = {CoRR},
  volume    = {abs/1512.03385},
  year      = {2015},
  url       = {http://arxiv.org/abs/1512.03385},
  archivePrefix = {arXiv},
  eprint    = {1512.03385},
  timestamp = {Mon, 13 Aug 2018 16:46:56 +0200},
  biburl    = {https://dblp.org/rec/bib/journals/corr/HeZRS15},
  bibsource = {dblp computer science bibliography, https://dblp.org}
}

@article{particular2015tolias,
  author    = {Giorgos Tolias and
               Ronan Sicre and
               Herv{\'{e}} J{\'{e}}gou},
  title     = {Particular object retrieval with integral max-pooling of {CNN} activations},
  journal   = {CoRR},
  volume    = {abs/1511.05879},
  year      = {2015},
  url       = {http://arxiv.org/abs/1511.05879},
  archivePrefix = {arXiv},
  eprint    = {1511.05879},
  timestamp = {Mon, 13 Aug 2018 16:46:46 +0200},
  biburl    = {https://dblp.org/rec/bib/journals/corr/ToliasSJ15},
  bibsource = {dblp computer science bibliography, https://dblp.org}
}

@article{neural2014babenko,
  author    = {Artem Babenko and
               Anton Slesarev and
               Alexander Chigorin and
               Victor S. Lempitsky},
  title     = {Neural Codes for Image Retrieval},
  journal   = {CoRR},
  volume    = {abs/1404.1777},
  year      = {2014},
  url       = {http://arxiv.org/abs/1404.1777},
  archivePrefix = {arXiv},
  eprint    = {1404.1777},
  timestamp = {Mon, 13 Aug 2018 16:48:23 +0200},
  biburl    = {https://dblp.org/rec/bib/journals/corr/BabenkoSCL14},
  bibsource = {dblp computer science bibliography, https://dblp.org}
}

